@article{miranda2014generacion,
  title={Generaci{\'o}n de res{\'u}menes por medio de s{\'\i}ntesis de grafos conceptuales},
  author={Miranda, Sabino and Gelbukh, Alexander and Sidorov, Grigori},
  journal={Revista signos},
  volume={47},
  number={86},
  pages={463--485},
  year={2014},
  publisher={Pontificia Universidad Cat{\'o}lica de Valpara{\'\i}so}
}

@inproceedings{sevilla2016enriched,
  title={Enriched semantic graphs for extractive text summarization},
  author={Sevilla, Antonio FG and Fern{\'a}ndez-Isabel, Alberto and D{\'\i}az, Alberto},
  booktitle={Conference of the Spanish Association for Artificial Intelligence},
  pages={217--226},
  year={2016},
  organization={Springer}
}

@phdthesis{plaza2011uso,
  title={Uso de grafos sem{\'a}nticos en la generaci{\'o}n autom{\'a}tica de res{\'u}menes y estudio de su aplicaci{\'o}n en distintos dominios: biomedicina, periodismo y turismo},
  author={Plaza Morales, Laura},
  year={2011},
  school={Universidad Complutense de Madrid, Servicio de Publicaciones}
}

%scale-free graph
@inproceedings{zhang2008scale,
  title={The scale-free nature of semantic web ontology},
  author={Zhang, Hongyu},
  booktitle={Proceedings of the 17th international conference on World Wide Web},
  pages={1047--1048},
  year={2008},
  organization={ACM}
}

@inproceedings{noura2018concept,
  title={Concept Extraction from the Web of Things Knowledge Bases},
  author={Noura, Mahda and Gyrard, Amelie and Heil, Sebastian and Gaedke, Martin},
  booktitle={Proceedings of the International Conference WWW/Internet},
  year={2018}
}

@inproceedings{bouayad2011content,
  title={Content selection from an ontology-based knowledge base for the generation of football summaries},
  author={Bouayad-Agha, Nadjet and Casamayor, Gerard and Wanner, Leo},
  booktitle={Proceedings of the 13th European Workshop on Natural Language Generation},
  pages={72--81},
  year={2011},
  organization={Association for Computational Linguistics}
}

@book{van1983ciencia,
  title={La ciencia del texto: un enfoque interdisciplinario},
  author={van Dijk, T.A.},
  isbn={9788475092270},
  series={Paid{\'o}s comunicaci{\'o}n},
  url={https://books.google.com.ar/books?id=fTqoQgAACAAJ},
  year={1983},
  publisher={Paid{\'o}s}
}

@article{bouayad2014natural,
  title={Natural language generation in the context of the semantic web},
  author={Bouayad-Agha, Nadjet and Casamayor, Gerard and Wanner, Leo},
  journal={Semantic Web},
  volume={5},
  number={6},
  pages={493--513},
  year={2014},
  publisher={IOS Press}
}

%%%%%% copiado pegado de la propuesta de tesis
%ontoverbal
@article{liang2013ontoverbal,
  title={Ontoverbal: A generic tool and practical application to SNOMED CT},
  author={Liang, Shao Fen and Scott, Donia and Stevens, Robert and Rector, Alan},
  journal={arXiv preprint arXiv:1312.2798},
  year={2013}
}

%protege
@article{protege,
  author    = {Mark A. Musen},
  title     = {The prot{\'{e}}g{\'{e}} project: a look back and a look
               forward},
  journal   = {{AI} Matters},
  volume    = {1},
  number    = {4},
  pages     = {4--12},
  year      = {2015},
  url       = {https://doi.org/10.1145/2757001.2757003},
  doi       = {10.1145/2757001.2757003},
  timestamp = {Wed, 14 Nov 2018 10:27:16 +0100},
  biburl    = {\url{https://dblp.org/rec/bib/journals/aimatters/Musen15}},
  bibsource = {dblp computer science bibliography, https://dblp.org}
}

%mindswap
@inproceedings{golbeck2002new,
  title={New tools for the semantic web},
  author={Golbeck, Jennifer and Grove, Michael and Parsia, Bijan and Kalyanpur, Adtiya and Hendler, James},
  booktitle={International Conference on Knowledge Engineering and Knowledge Management},
  pages={392--400},
  year={2002},
  organization={Springer}
}

%ontoedit
@inproceedings{sure2002ontoedit,
  title={OntoEdit: Collaborative ontology development for the semantic web},
  author={Sure, York and Erdmann, Michael and Angele, J{\"u}rgen and Staab, Steffen and Studer, Rudi and Wenke, Dirk},
  booktitle={International Semantic Web Conference},
  pages={221--235},
  year={2002},
  organization={Springer}
}

%ontolingua
@article{farquhar1997ontolingua,
  title={The ontolingua server: A tool for collaborative ontology construction},
  author={Farquhar, Adam and Fikes, Richard and Rice, James},
  journal={International journal of human-computer studies},
  volume={46},
  number={6},
  pages={707--727},
  year={1997},
  publisher={Elsevier}
}

%webonto
@article{domingue1998tadzebao,
  title={Tadzebao and WebOnto: Discussing, browsing, and editing ontologies on the web},
  author={Domingue, John},
  year={1998}
}

%clone
@inproceedings{power2010complexity,
  title={Complexity assumptions in ontology verbalisation},
  author={Power, Richard},
  booktitle={Proceedings of the ACL 2010 Conference Short Papers},
  pages={132--136},
  year={2010},
  organization={Association for Computational Linguistics}
}

%aqualog
@inproceedings{lopez2005aqualog,
  title={Aqualog: An ontology-portable question answering system for the semantic web},
  author={Lopez, Vanessa and Pasin, Michele and Motta, Enrico},
  booktitle={European Semantic Web Conference},
  pages={546--562},
  year={2005},
  organization={Springer}
}

%attempto tools
@misc{attempto,
title = {Attempto Project},
year = {2019},
note = {\url{http://attempto.ifi.uzh.ch/site/}}
}

%ACE
@misc{CNL,
title = {Controlled Natural Languages},
year = {2019},
note = {\url{https://sites.google.com/site/controllednaturallanguage/}}
}

%naturalOWL
@inproceedings{galanis2007generating,
  title={Generating multilingual descriptions from linguistically annotated OWL ontologies: the NaturalOWL system},
  author={Galanis, Dimitrios and Androutsopoulos, Ion},
  booktitle={Proceedings of the Eleventh European Workshop on Natural Language Generation},
  pages={143--146},
  year={2007},
  organization={Association for Computational Linguistics}
}


%SNOMED
@misc{SNOMED,
title = {SNOMED CT},
year = {2019},
note = {\url{http://www.snomed.org/snomed-ct/five-step-briefing}}
}

%reiter y dale architecture
@article{reiter1997building,
  title={Building applied natural language generation systems},
  author={Reiter, Ehud and Dale, Robert},
  journal={Natural Language Engineering},
  volume={3},
  number={1},
  pages={57--87},
  year={1997},
  publisher={Cambridge University Press}
}

%reiter ehud, extension de la arquitectura de reiter y dale
@inproceedings{reiter2007architecture,
  title={An architecture for data-to-text systems},
  author={Reiter, Ehud},
  booktitle={Proceedings of the Eleventh European Workshop on Natural Language Generation},
  pages={97--104},
  year={2007},
  organization={Association for Computational Linguistics}
}

%visualizacion de ontologia
@inproceedings{escarza2005visualizacion,
  title={Visualizaci{\'o}n de Ontolog{\'\i}as},
  author={Escarza, Sebasti{\'a}n and Castro, Silvia Mabel and Martig, Sergio R},
  booktitle={VII Workshop de Investigadores en Ciencias de la Computaci{\'o}n},
  year={2005}
}
